@article{ametrano2016hayek},
  title={Hayek money: The cryptocurrency price stability solution},
  author={Ametrano, Ferdinando M},
  year={2016}
}

Basecoin: A Robust, Price-Stable Cryptocurrency with an Algorithmic Central Bank (Version 0.99.1)
Nader Al-Naji, Josh Chen, Lawrence Diao October 13, 2017

Brief History of the Gold Standard in the United States 
Craig K. Elwell June 23, 2011

Hayek Money: the Cryptocurrency Price Stability Solution
Ferdinando Ametrano August 13th 2016

Denationalisation of Money The Argument Refined
Friedrich Hayek 1976
